@book{algebra_examples_2022,
    title={Solution for popular algebra question f(x)=x2},
    url={https://www.mathway.com/popular-problems/Algebra/200089},
    journal={Algebra Examples},
    publisher={Mathway}, 
    year={2022}
} 
